<?xml version="1.0" encoding="UTF-8"?>
<collection xmlns:xsi="http://www.w3.org/2001/XMLSchema-instance" xsi:schemaLocation="http://www.loc.gov/MARC21/slim http://www.loc.gov/standards/marcxml/schema/MARC21slim.xsd" xmlns="http://www.loc.gov/MARC21/slim">
<record>
  <leader>00587cam a22001813a 4500</leader>
  <controlfield tag="001">6762023</controlfield>
  <controlfield tag="003">NNC</controlfield>
  <controlfield tag="005">20100309223405.0</controlfield>
  <controlfield tag="008">080710s1912    ua a          000 0 ara  </controlfield>
  <datafield tag="035" ind1=" " ind2=" ">
    <subfield code="a">(OCoLC)506367692</subfield>
  </datafield>
  <datafield tag="035" ind1=" " ind2=" ">
    <subfield code="a">(OCoLC)ocn506367692</subfield>
  </datafield>
  <datafield tag="035" ind1=" " ind2=" ">
    <subfield code="a">(NNC)6762023</subfield>
  </datafield>
  <datafield tag="245" ind1="1" ind2="0">
    <subfield code="a">Awwal khādim lil-insān.</subfield>
  </datafield>
  <datafield tag="260" ind1=" " ind2=" ">
    <subfield code="a">Būlāq, Miṣr :</subfield>
    <subfield code="b">al-Maṭbaʻah al-Injlīziyah al-Amrikāniyah,</subfield>
    <subfield code="c">1912.</subfield>
  </datafield>
  <datafield tag="300" ind1=" " ind2=" ">
    <subfield code="a">44 p. :</subfield>
    <subfield code="b">ill. ;</subfield>
    <subfield code="c">19 cm.</subfield>
  </datafield>
  <datafield tag="500" ind1=" " ind2=" ">
    <subfield code="a">At top of title: Khidmah lil-Insānīyah</subfield>
  </datafield>
  <datafield tag="500" ind1=" " ind2=" ">
    <subfield code="a">At top of title: One of Man's greatest helpers</subfield>
  </datafield>
  <datafield tag="955" ind1=" " ind2=" ">
    <subfield code="b">CU02398435</subfield>
    <subfield code="d">off,uts</subfield>
    <subfield code="e">Burke Arabic</subfield>
  </datafield>
</record>
</collection>